@article{burleigh2010contact,
	title={Contact graph routing},
	author={Burleigh, Scott},
	year={2010}
}